@article{SynquidPaper,
  author    = {Nadia Polikarpova and
               Armando Solar{-}Lezama},
  title     = {Program Synthesis from Polymorphic Refinement Types},
  journal   = {CoRR},
  volume    = {abs/1510.08419},
  year      = {2015},
  url       = {http://arxiv.org/abs/1510.08419},
  timestamp = {Sun, 01 Nov 2015 17:30:45 +0100},
  biburl    = {http://dblp.uni-trier.de/rec/bib/journals/corr/PolikarpovaS15},
  bibsource = {dblp computer science bibliography, http://dblp.org}
}

@inproceedings{LambdaSquarePaper,
 author = {Feser, John K. and Chaudhuri, Swarat and Dillig, Isil},
 title = {Synthesizing Data Structure Transformations from Input-output Examples},
 booktitle = {Proceedings of the 36th ACM SIGPLAN Conference on Programming Language Design and Implementation},
 series = {PLDI 2015},
 year = {2015},
 isbn = {978-1-4503-3468-6},
 location = {Portland, OR, USA},
 pages = {229--239},
 numpages = {11},
 url = {http://doi.acm.org/10.1145/2737924.2737977},
 doi = {10.1145/2737924.2737977},
 acmid = {2737977},
 publisher = {ACM},
 address = {New York, NY, USA},
 keywords = {Program synthesis, automated deduction, data transformations, programming by example, search-based synthesis},
}

@inproceedings{EscherPaper,
 author = {Albarghouthi, Aws and Gulwani, Sumit and Kincaid, Zachary},
 title = {Recursive Program Synthesis},
 booktitle = {Proceedings of the 25th International Conference on Computer Aided Verification},
 series = {CAV'13},
 year = {2013},
 isbn = {978-3-642-39798-1},
 location = {Saint Petersburg, Russia},
 pages = {934--950},
 numpages = {17},
 url = {http://dx.doi.org/10.1007/978-3-642-39799-8_67},
 doi = {10.1007/978-3-642-39799-8_67},
 acmid = {2526942},
 publisher = {Springer-Verlag},
 address = {Berlin, Heidelberg},
}

@inproceedings{MythPaper,
 author = {Osera, Peter-Michael and Zdancewic, Steve},
 title = {Type-and-example-directed Program Synthesis},
 booktitle = {Proceedings of the 36th ACM SIGPLAN Conference on Programming Language Design and Implementation},
 series = {PLDI 2015},
 year = {2015},
 isbn = {978-1-4503-3468-6},
 location = {Portland, OR, USA},
 pages = {619--630},
 numpages = {12},
 url = {http://doi.acm.org/10.1145/2737924.2738007},
 doi = {10.1145/2737924.2738007},
 acmid = {2738007},
 publisher = {ACM},
 address = {New York, NY, USA},
 keywords = {Functional Programming, Program Syn- thesis, Proof Search, Type Theory},
}

@inproceedings{LeonPaper,
 author = {Kneuss, Etienne and Kuraj, Ivan and Kuncak, Viktor and Suter, Philippe},
 title = {Synthesis Modulo Recursive Functions},
 booktitle = {Proceedings of the 2013 ACM SIGPLAN International Conference on Object Oriented Programming Systems Languages \&\#38; Applications},
 series = {OOPSLA '13},
 year = {2013},
 isbn = {978-1-4503-2374-1},
 location = {Indianapolis, Indiana, USA},
 pages = {407--426},
 numpages = {20},
 url = {http://doi.acm.org/10.1145/2509136.2509555},
 doi = {10.1145/2509136.2509555},
 acmid = {2509555},
 publisher = {ACM},
 address = {New York, NY, USA},
 keywords = {inductive learning, satisfiability modulo theories, software synthesis},
} 

@MISC{ScottNumerals,
	author = {M Abadi and L Cardelli and G Plotkin},
	title = {Types for the Scott numerals},
	year = {1993}
}

@book{pierce2002types,
  title={Types and Programming Languages},
  author={Pierce, B.C.},
  isbn={9780262162098},
  lccn={2001044428},
  url={https://books.google.ch/books?id=ti6zoAC9Ph8C},
  year={2002},
  publisher={MIT Press}
}